@BOOK{Tufte2006,
	author = {Edward R. Tufte},
	title = {Beautiful Evidence},
	year = {2006},
	publisher = {Graphics Press, {LLC}},
	month = {May},
	edition = {First},
	place = {Cheshire, Connecticut},
	isbn = {0-9613921-7-7}
}

@BOOK{Tufte2001,
	author = {Edward R. Tufte},
	title = {The Visual Display of Quantitative Information},
	publisher = {Graphics Press},
	year = {2001},
	address = {Cheshire, Connecticut},
	isbn = {0-9613921-4-2}
}

@BOOK{Tufte1990,
	author = {Edward R. Tufte},
	title = {Envisioning Information},
	publisher = {Graphics Press},
	year = {1990},
	address = {Cheshire, Connecticut},
	isbn = {0-9613921-1-8}
}

@BOOK{Tufte1997,
	author = {Edward R. Tufte},
	title = {Visual Explanations},
	publisher = {Graphics Press},
	year = {1997},
	address = {Cheshire, Connecticut},
	isbn = {0-9613921-2-6}
}

@BOOK{Bringhurst2005,
	author = {Robert Bringhurst},
	title = {The Elements of Typography},
	publisher = {Hartley \& Marks},
	year = {2005},
	edition = {3.1},
	isbn = {0-88179-205-5}
}

@BOOK{Mittelbach2004,
	author = {Frank Mittelbach and Michel Goossens},
	title = {The \LaTeX\ Companion},
	publisher = {Addison--Wesley},
	year = {2004},
	edition = {Second},
	isbn = {0-201-36299-6}
}

@MISC{pkg-geometry,
    author = {Hideo Umeki},
    title = {The \texttt{geometry} package},
    year = {2008},
    month = dec,
    howpublished = {\url{http://ctan.org/pkg/geometry}}
}
@BOOK{Mckinney2018,
	author = {Wes McKinney},
	title = {Python for Data Analysis},
	publisher = {O'Reilly},
	year = {2018},
	edition = {Second},
	isbn = {978-1-491-95766-0}
}

@BOOK{Flach2012,
	author = {Peter Flach},
	title = {Machine Learning, The Art and Science of Algorithms that Make Sense of Data},
	publisher = {Cambridge},
	year = {2012},
	edition = {First},
	isbn = {978-1-107-09639-4}
}

@BOOK{Gowers2008,
    author ={Timothy Gowers},
    title = {The Princeton Companion to Mathematics},
	publisher = {Princeton Reference},
	year = {2008},
	edition = {First},
	isbn = {978-0-691-11880-2}
}

@BOOK{Muller2017,
	author = {MÃ¼ller, Andreas C. and Guido, Sarah},
	title = {Introduction to Machine Learning with Python },
	publisher = {O'Reilly},
	year = {2017},
	edition = {Second},
	isbn = {978-1-449-36941-5}
}

@BOOK{Vanderplas2017,
	author = {VandePlas, Jake},
	title = {Pytho Data Science Handbook},
	publisher = {O'Reilly},
	year = {2017},
	edition = {Second},
	isbn = {978-1-449-36941-5}
}